@inproceedings{Jones,
 author = {Jones, James A. and Harrold, Mary Jean and Stasko, John},
 title = {Visualization of test information to assist fault localization},
 booktitle = {Proceedings of the 24th International Conference on Software Engineering},
 series = {ICSE '02},
 year = {2002},
 isbn = {1-58113-472-X},
 location = {Orlando, Florida},
 pages = {467--477},
 numpages = {11},
 url = {http://doi.acm.org/10.1145/581339.581397},
 doi = {10.1145/581339.581397},
 acmid = {581397},
 publisher = {ACM},
 address = {New York, NY, USA},
} 
